@book{comer:1995,
    title = "Internetworking with TCP/IP",
    author = "Douglas E. Comer",
    volume = 1,
    edition = 3,
    pagetotal = 640,
    year = 1995,
    isbn = "0132169878",
    publisher = "Prentice Hall"
}


@book{droms:2002,
   title = "The DHCP handbook",
   edition = 2,
   author = "Ralph Droms and Ted Lemon",
   pagetotal = 588,
   publisher = "Sams Publishing",
   year = 2002,
   isbn = "978-0-672-32327-0"
}


@book{garfinkel:2003,
    title = "Practical Unix \& Internet security",
    author = "Simson Garfinkel and Gene Spafford and Alan Schwartz",
    edition = 3,
    pagetotal = 988,
    year = 2003,
    isbn = "978-0-596-00323-4",
    publisher = "O'Reilly Media"
}


@book{kozierok:2005,
    title = "The TCP/IP guide",
    author = "Charles M. Kozierok",
    year = 2005,
    pagetotal = 1616,
    isbn = "978-1-593-27047-6",
    publisher = "No Starch Press"
}


@book{lammle:2016,
   title = "CCNA routing and switching",
   edition = 2,
   author = "Todd Lammle",
   pagetotal = 1136,
   publisher = "Sybex",
   year = 2016,
   isbn = "978-1-119-28828-2"
}


@book{nemeth:2017,
   title = "Unix and Linux system administration handbook",
   edition = 5,
   author = "Evi Nemeth and Garth Snyder and Trent Hein and Ben Whaley and Dan Mackin",
   pagetotal = 1232,
   publisher = "Addison-Wesley Professional",
   year = 2017,
   isbn = "978-0-134-27755-4"
}


@book{oliviero:2014,
    title = "Cabling",
    author = "Andrew Oliviero and Bill Woodward",
    edition = 5,
    pagetotal = 1328,
    publisher = "Sybex",
    year = 2014,
    isbn = "978-1-118-80732-3"
}


@book{tanenbaum:2010,
    title = "Computer networks",
    author = "Andres S. Tanenbaum and David J. Wetherall",
    edition = 5,
    pagetotal = 960,
    year = 2010,
    isbn = "978-0-132-55317-9",
    publisher = "Pearson"
}


@book{warnock:2011,
    title = "Alcatel-Lucent network routing specialist II self-study guide",
    author = "Glenn Warnock and Amin Nathoo",
    pagetotal = 1488,
    year = 2011,
    isbn = "978-0-470-94772-2",
    publisher = "John Wiley \& Sons"
}