@techreport{rfc1918,
   title = "Address allocation for private internets",
   authors = "Y. Rekhter and B. Moskowitz and D. Karrenberg and G. J. de Groot and E. Lear",
   howpublished = "internet request for comments",
   type = "\abbr{RFC}",
   number = 1918,
   pagetotal = 9,
   year = 1996,
   month = "February",
   publisher = "RFC Editor",
   url = "https://www.rfc-editor.org/rfc/pdfrfc/rfc1918.txt.pdf"
}