@book{droms02,
   title = "The DHCP handbook",
   edition = 2,
   author = "Ralph Droms and Ted Lemon",
   pagetotal = 588,
   publisher = "Sams Publishing",
   year = 2002,
   isbn = "978-0672323270"
}

@book{kozierok05,
   title = "The TCP/IP guide",
   author = "Charles M. Kozierok",
   pagetotal = 1616,
   publisher = "No Starch Press",
   year = 2005,
   isbn = "978-1593270476"
}


@book{lammle16,
   title = "CCNA routing and switching",
   edition = 2,
   author = "Todd Lammle",
   pagetotal = 1136,
   publisher = "Sybex",
   year = 2016,
   isbn = "978-1119288282"
}


@book{nemeth17,
   title = "Unix and Linux system administration handbook",
   edition = 5,
   author = "Evi Nemeth and Garth Snyder and Trent Hein and Ben Whaley and Dan Mackin",
   pagetotal = 1232,
   publisher = "Addison-Wesley Professional",
   year = 2017,
   isbn = "978-0134277554"
}


@book{tanenbaum03,
   title = "Computer networks",
   edition = 4,
   author = "Andrew S. Tanenbaum",
   pagetotal = 950,
   publisher = "Prentice Hall",
   year = 2003,
   isbn = "978-0130661029"
}