@misc{rfc792,
    series =    {Request for Comments},
    number =    792,
    howpublished =  {RFC 792},
    publisher = {RFC Editor},
    doi =       {10.17487/RFC0792},
    url =       {https://www.rfc-editor.org/info/rfc792},
        author =    {},
    title =     {{Internet Control Message Protocol}},
    pagetotal = 21,
    year =      1981,
    month =     Sep,
    abstract =  {},
    keywords = "RFC"
}


@techreport{rfc1654,
   AUTHOR = "Yakov Rekhter and Tony Li",
   TITLE = "{A Border Gateway Protocol 4 (BGP-4)}",
   shorthand = "1654",
   HOWPUBLISHED = {Internet Requests for Comments},
   TYPE="{RFC}",
   NUMBER=1654,
   PAGES = {1-56},
   YEAR = {1995},
   MONTH = Jul,
   ISSN = {2070-1721},
   PUBLISHER = "{RFC Editor}",
   INSTITUTION = "{RFC Editor}",
   URL={https://www.rfc-editor.org/rfc/rfc1654.txt},
   keywords = "RFC"
   }

@manual{rfc1700,
   title = "test",
   authors = "test",
   keywords = "RFC"
}

@book{rfc2663,
   keywords = "RFC",
   title = "\acs{IP} \acs{NAT} terminology and considerations",
   authors = "P. Srisuresh and M. Holdrege",
   year = 1999,
   month = Aug,
   pagetotal = 30,
   usera = "\acs{RFC} 2663"
}

@techreport{rfc5681,
   title = "techreport",
   authors = "test aas",
   keywords = "RFC"
}


@manual{rfc1918,
   keywords = "RFC",
   title = "Address allocation for private internets",
   authors = "Y. Rekhter and B. Moskowitz and D. Karrenberg and G. J. de Groot and E. Lear",
   pagetotal = 9,
   year = 1996,
   month = Feb,
   usera = "\acs{RFC} 1918"
}


@book{rfc8314,
   keywords = "RFC",
   title = "Cleartext considered obsolete",
   subtitle = "Use of \acs{TLS} for email submission and access",
   authors = "K. Moore and C. Newman",
   year = 2018,
   month = Jan,
   pagetotal = 26,
   usera = "\acs{RFC} 8314"
}